    @BOOK{Stroustrup,
      author = {Bjarne Stroustrup},
      title = {The C++ Programming Language},
      edition = {special edition},
      publisher = {Addison-Wesley},
      year = {1997},
      isbn = {0-201-88954-4},
    }

    @BOOK{Gamma,
      author = {Erich Gamma and Richard Helm and Ralph Johnson and John Vlissides},
      title = {Design patterns: elements of reusable object-oriented software},
      publisher = {Addison-Wesley},
      year = {1997},
      isbn = {0-201-63361-2},
    }

    @BOOK{Sutter,
      author = {Herb Sutter and Andrei Alexandrescu},
      title = {C++ 101 programovacích technik},
      publisher = {Zoner Press},
      year = {2005},
      isbn = {80-86815-28-5},
    }

    @BOOK{Ashdown,
      author = {Ian Ashdown},
      title = {RADIOSITY - A Programmer's Perspective},
      publisher = {Wiley},
      year = {1994},
      isbn = {0-471-30488-3},
    }

    @BOOK{RGI,
      author = {Francois X. Sillion and Claude Puech},
      title = {RADIOSITY \& Global Illumination},
      year = {1994},
      isbn = {1-55860-277-1},
    }

    @BOOK{Alexandrescu,
      author = {Andrei Alexandrescu},
      title = {Moderní programování v C++},
      publisher = {Computer Press},
      year = {2004},
      isbn = {80-251-0370-6},
    }

    @BOOK{Prata,
      author = {Stephen Prata},
      title = {Mistrovství v C++},
      publisher = {Computer Press},
      year = {2004},
      isbn = {80-251-0098-7},
    }

    @BOOK{Koenig,
      author = {Andrew Koenig and Barbara E. Moo},
      title = {Rozumíme C++},
      publisher = {Computer Press},
      year = {2003},
      isbn = {80-7226-656-X},
    }

    @BOOK{Rybicka,
      author = {Jiøí Rybièka},
      title = {{\LaTeX} pro zaèáteèníky},
      publisher = {Konvoj},
      year = {1999},
      isbn = {80-85615-77-0},
    }

   @MISC{MDSTk,
      author = {Michal ©panìl},
      title = {Webová stránka projektu {MDSTk}},
      howpublished= {{\tt \href{http://www.fit.vutbr.cz/~spanel/mdstk}{http://www.fit.vutbr.cz/	$\sim$spanel/mdstk}}},
   }

   @MISC{xmlParser,
      author = {Dr. Ir. Frank Vanden Berghen},
      title = {Small, simple, cross-platform, free and fast  C++ XML Parser},
      howpublished= {{\tt \href{http://www.applied-mathematics.net/tools/xmlParser.html}{http://www.applied-mathematics.net/tools/xmlParser.html}}},
   }

   @Manual{IA32,
      title = {IA-32~Intel\textregistered~Architecture Software Developer's Manual},
      note = {Volume 1: Basic Architecture},
      year = {2004},
      howpublished= {{\tt \href{https://www.fit.vutbr.cz/study/courses/PAS/private/IA32_ASDM_Vol1.pdf}{https://www.fit.vutbr.cz/study/courses/PAS/private/IA32\_ASDM\_Vol1.pdf}}},
   }

   @MISC{IOS,
      author = {Tomá¹ Ka¹párek and Radek Koèí and  Petr Peringer and Tomá¹ Vojnar},
      title = {{Studijní opora k pøedmìtu Operaèní systémy}},
      year = {2006},
      howpublished= {{\tt \href{http://www.fit.vutbr.cz/study/courses/IOS/public/IOS-opora.pdf}{http://www.fit.vutbr.cz/study/courses/IOS/public/IOS-opora.pdf}}},
   }

   @MISC{POD,
      author = {Walter E. Brown},
      title = {POD Types},
      year = {1999},
      howpublished= {{\tt \href{http://www.fnal.gov/docs/working-groups/fpcltf/Pkg/ISOcxx/doc/POD.html}{http://www.fnal.gov/docs/working-groups/fpcltf/Pkg/ISOcxx/doc/POD.html}}},
   }
   
   @MISC{ICP,
      author = {Petr Peringer},
      title = {{Semináø C++}},
      year = {2004},
      howpublished= {{\tt \href{https://www.fit.vutbr.cz/study/courses/ICP/public/Prednasky/ICP.pdf}{https://www.fit.vutbr.cz/study/courses/ICP/public/Prednasky/ICP.pdf}}},
   }
   
   @MISC{polymorphism,
      author = {Wikipedia},
      title = {{Polymorphism in object-oriented programming}},
      year = {2007},
      howpublished= {{\tt \href{http://en.wikipedia.org/wiki/Polymorphism_in_object-oriented_programming}{http://en.wikipedia.org/wiki/Polymorphism\_in\_object-oriented\_programming}}},
   }
   @MISC{wikiRadiosity,
      author = {Wikipedia},
      title = {{Radiosity}},
      year = {2007},
      howpublished= {{\tt \href{http://en.wikipedia.org/wiki/Radiosity}{http://en.wikipedia.org/wiki/Radiosity}}},
   }
   @MISC{HugoElias,
      author = {Hugo Elias},
      title = {{Radiosity}},
      year = {2007},
      howpublished= {{\tt \href{http://freespace.virgin.net/hugo.elias/radiosity/radiosity.htm}{http://freespace.virgin.net/hugo.elias/radiosity/radiosity.htm}}},
   }
   @MISC{rtlinux,
      author = {Marc Ronell},
      title = {{A C++ Pooled, Shared Memory Allocator For The Standard Template Library}},
      howpublished= {{\tt \href{http://allocator.sourceforge.net/rtlinux2003.pdf}{http://allocator.sourceforge.net/rtlinux2003.pdf}}},
   }

   @MISC{heron,
      author = {Weisstein, Eric W.},
      title = {Heronian Triangle},
      howpublished= {{\tt \href{http://mathworld.wolfram.com/HeronianTriangle.html}{http://mathworld.wolfram.com/HeronianTriangle.html}}},
   }

    @INPROCEEDINGS{lampa,
      author = {Petr Lampa},
      title = {CORBA a IIOP},
      pages = {13},
      booktitle = {Sborník konference EurOpen CZ 97},
      year = {1997},
      location = {Borová Lada na ©umavì, CZ},
      language = {english},
      url = {http://www.fit.vutbr.cz/research/view_pub.php?id=6094}
    }
    
    @BOOK{ALP,
      author = {Mark Mitchell, Jeffrey Oldham, Alex Samuel},
      title = {Advanced Linux Programming},
      publisher = {New Riders Publishing},
      year = {2001},
      isbn = {0-7357-1043-0},
      howpublished = {\tt\href{http://www.advancedlinuxprogramming.com/alp-folder}{http://www.advancedlinuxprogramming.com/alp-folder}}
    }

@Book {upp,
  author = {Ludìk Skoèovský and Vladimír Kokolia},
  title = {UNIX, POSIX, Plan 9},
  year = {1998},
  isbn = { 80-902612-0-5},
  edition = {první}
}
